<?xml version="1.0" encoding="UTF-8"?><collection xmlns="http://www.loc.gov/MARC21/slim"><record><leader>00545nam--2200193-u-4500</leader><controlfield tag="001">000052948</controlfield><controlfield tag="002">20161230</controlfield><controlfield tag="005">20161230201050</controlfield><controlfield tag="008">101130s1000------------r-----000-0-eng-d</controlfield><datafield ind1=" " ind2=" " tag="020"><subfield code="a">0471965367</subfield></datafield><datafield ind1=" " ind2=" " tag="040"><subfield code="a">IFIN-HH</subfield></datafield><datafield ind1=" " ind2=" " tag="080"><subfield code="a">535.6:535.7:535.012.2</subfield></datafield><datafield ind1="1" ind2=" " tag="100"><subfield code="a">Huard, Serge</subfield></datafield><datafield ind1="1" ind2="0" tag="245"><subfield code="a">Polarization of light</subfield><subfield code="c">Serge huard; translated by gianni vacca; preface by alain aspect</subfield></datafield><datafield ind1=" " ind2=" " tag="260"><subfield code="a">SINGAPORE</subfield><subfield code="b">John Wiley &amp; Sons</subfield><subfield code="c">1997</subfield></datafield><datafield ind1=" " ind2=" " tag="300"><subfield code="a">333P</subfield></datafield><datafield ind1=" " ind2="0" tag="650"><subfield code="a">Polarization (Light)</subfield></datafield><datafield ind1=" " ind2=" " tag="852"><subfield code="a">82215</subfield><subfield code="c">535</subfield></datafield><datafield ind1=" " ind2=" " tag="CAT"><subfield code="a">Sys</subfield><subfield code="c">20101130</subfield><subfield code="h">121549</subfield></datafield></record></collection>